<?xml version="1.0" encoding="UTF-8"?><collection><record><leader>05873ntm a2200577 a 4500</leader><controlfield tag="001">006814499</controlfield><controlfield tag="003">MiAaHDL</controlfield><controlfield tag="005">20190719000000.0</controlfield><controlfield tag="006">m        d        </controlfield><controlfield tag="007">cr bn ---auaua</controlfield><controlfield tag="008">090609s1548    xx            00| ||per d</controlfield><datafield tag="035" ind1=" " ind2=" "><subfield code="a">(MiU)006814499</subfield></datafield><datafield tag="035" ind1=" " ind2=" "><subfield code="a">sdr-miu006814499</subfield></datafield><datafield tag="040" ind1=" " ind2=" "><subfield code="a">MiU</subfield><subfield code="c">MiU</subfield><subfield code="e">amremm</subfield></datafield><datafield tag="043" ind1=" " ind2=" "><subfield code="a">n-us-mi</subfield></datafield><datafield tag="100" ind1="0" ind2=" "><subfield code="6">880-01</subfield><subfield code="a">Jāmī,</subfield><subfield code="d">1414-1492.</subfield></datafield><datafield tag="240" ind1="1" ind2="0"><subfield code="6">880-02</subfield><subfield code="a">Haft awrang</subfield></datafield><datafield tag="245" ind1="1" ind2="0"><subfield code="6">880-03</subfield><subfield code="a">Haft awrang,</subfield><subfield code="f">[955, i.e. 1548].</subfield></datafield><datafield tag="246" ind1="3" ind2=" "><subfield code="a">هفت اورنك</subfield></datafield><datafield tag="246" ind1="3" ind2=" "><subfield code="i">Title from spine label:</subfield><subfield code="a">هفت رنك مولانا جامى</subfield></datafield><datafield tag="260" ind1=" " ind2=" "><subfield code="c">[1548].</subfield></datafield><datafield tag="300" ind1=" " ind2=" "><subfield code="a">514 leaves :</subfield><subfield code="b">paper ;</subfield><subfield code="c">200 x 130 (134 x 72) mm.</subfield></datafield><datafield tag="500" ind1=" " ind2=" "><subfield code="a">Shelfmark: Ann Arbor, University of Michigan, Special Collections Library, Isl. Ms. 325</subfield></datafield><datafield tag="500" ind1=" " ind2=" "><subfield code="a">Origin: As appears in colophon on p.1025, transcription completed in Muḥarram 955 [February or March 1548].</subfield></datafield><datafield tag="500" ind1=" " ind2=" "><subfield code="a">Former shelfmark: "132 T. De M. [i.e. Tammaro De Marinis]" inscribed in pencil on verso of front flyleaf.</subfield></datafield><datafield tag="500" ind1=" " ind2=" "><subfield code="a">Binding: Pasteboards covered in black and dark red-brown (spine, fore edge flap, edges / turn-ins, possibly repairs) leather ; Type II binding (with flap) ; doublures in light brown leather with central mandorla and cornerpieces in filigree appliqué over blue paper as well as gold-painted accents and tooled border ; upper and lower covers carry large block-stamped (two impressions with join visible) and gold-painted recessed rectangular panel filled with symmetrical vegetal composition with chī clouds and floral motifs, surrounded by gold-tooled border in a series of s-shaped stamps defined by gold fillets ; design continues on flap ; fore edge flap stamped and gold-painted, stamp carries "لصاحبه السعادة والسلامة" ; edges of text block gold-painted with floral motifs ; sewn in light red thread, two stations ; worked chevron endbands in lime green and light red, damaged ; overall in somewhat fair condition with some abrasion, staining, lifting of leather, etc. ; repairs in Japanese paper ; housed in box for protection.</subfield></datafield><datafield tag="500" ind1=" " ind2=" "><subfield code="a">Support: non-European (likely Persian or Indian) laid paper with 8 laid lines per cm. (horizontal) and no chain lines clearly visible, quite thin, crisp and transluscent, well-burnished ; some staining, tidelines and foxing.</subfield></datafield><datafield tag="500" ind1=" " ind2=" "><subfield code="a">Decoration: Elegant illuminated headpiece (ʻunwān / sarlawḥ) at opening on p.2 consisting of large rectangular piece with gold cartouche carrying opening section (preface) title ("ديباجه سبعه") in white surrounded by swirling arabesque with floral motifs (in gold, green, light blue, pink, red, etc.) on fields of lapis lazuli and gold (evoking book cover design), surmounted by gold band with floral motifs in blue and red and rectangular piece with row of swirling arabesque on fields of lapis lazuli and gold (evoking a row of domes), all surrounded by border in blue with white crosses and surmounted by vertical stalks (tīgh) in blue ; additional illuminated headpieces (rectangular) at openings of other sections, mainly the rest of the seven mas̲navīs (p.180, 254, 306, 360, 362, 440, 574, 752, 922) ; written area throughout surrounded by frame of gold band defined by black fillets and outermost gold and blue rules, columns within outlined by narrow gold bands defined by black fillets ; keywords and section headings rubricated.</subfield></datafield><datafield tag="500" ind1=" " ind2=" "><subfield code="a">Script: Nastaʻlīq (talik) ; elegant, compact hand ; serifless, with effect of words descending to baseline, closed counters, and elongated horizontal strokes.</subfield></datafield><datafield tag="500" ind1=" " ind2=" "><subfield code="a">Layout: Written in 29 lines per page, 17 in left most column(s) with as many as 12 lines on the diagonal in the rightmost column ; written area divided to two and three columns to set-off poetry ; frame-ruled.</subfield></datafield><datafield tag="500" ind1=" " ind2=" "><subfield code="a">Collation: ii, V-1 (9), 50 V(509), III-1 (514), ii ; almost exclusively quinions ; pagination in pencil, Western numerals, supplied during digitization (skips two pages between pp.873-874).</subfield></datafield><datafield tag="500" ind1=" " ind2=" "><subfield code="a">Colophon: "Scribal," rectangular, mainly in Arabic, reads "تمت السبعه بعون الله وحسن توفيقه يوم السبت من محرم الحرام سنه خمس وخمسين وتسعمائة والحمد لله اولا واخرا باطنا وظاهرا م م م"</subfield></datafield><datafield tag="500" ind1=" " ind2=" "><subfield code="a">Explicit: "که تا بیند از گوش دل بر کشیم همه گوش کردیم و دم در کشیم"</subfield></datafield><datafield tag="500" ind1=" " ind2=" "><subfield code="a">Incipit: "حمد الرب جلیل من عبد ذليیل وسلاما [؟] علی حبیب فائق من محب صادق و علی صحبه و آله المهتدین بنور جماله نظم این هفت مثنویست که چون هفت آسمان ..."</subfield></datafield><datafield tag="500" ind1=" " ind2=" "><subfield code="a">Title from inscription on flyleaf at opening.</subfield></datafield><datafield tag="500" ind1=" " ind2=" "><subfield code="a">Ms. codex.</subfield></datafield><datafield tag="510" ind1="4" ind2=" "><subfield code="a">Cat. Pers. MSS. Brit. Mus.,</subfield><subfield code="c">p.644 ff.</subfield></datafield><datafield tag="520" ind1="8" ind2=" "><subfield code="a">Elegant copy of the seven mas̲navīs of Jāmī (d.1492) collected under the title Haft awrang.</subfield></datafield><datafield tag="538" ind1=" " ind2=" "><subfield code="a">Mode of access: Internet.</subfield></datafield><datafield tag="541" ind1=" " ind2=" "><subfield code="c">Purchase ;</subfield><subfield code="a">Acquired by purchase (funds donated by Horace Rackham).</subfield><subfield code="d">1924.</subfield></datafield><datafield tag="546" ind1=" " ind2=" "><subfield code="a">Persian.</subfield></datafield><datafield tag="561" ind1=" " ind2=" "><subfield code="a">Inscriptions in pencil on front flyleaf "132 T. De M. [i.e. Tammaro De Marinis]" ; oval seal impression at close (p.1025) ; thread tabs in red ; relatively clean copy.</subfield></datafield><datafield tag="650" ind1=" " ind2="0"><subfield code="a">Manuscripts, Persian</subfield><subfield code="z">Michigan</subfield><subfield code="z">Ann Arbor.</subfield></datafield><datafield tag="650" ind1=" " ind2="0"><subfield code="a">Masnavis, Persian</subfield><subfield code="v">Early works to 1800.</subfield></datafield><datafield tag="650" ind1=" " ind2="0"><subfield code="a">Persian poetry</subfield><subfield code="y">747-1500.</subfield></datafield><datafield tag="655" ind1=" " ind2="7"><subfield code="a">Headpieces (layout features)</subfield><subfield code="y">16th century.</subfield><subfield code="2">aat</subfield></datafield><datafield tag="700" ind1="0" ind2=" "><subfield code="a">Abdülhamid</subfield><subfield code="b">II,</subfield><subfield code="c">Sultan of the Turks,</subfield><subfield code="d">1842-1918,</subfield><subfield code="e">former owner.</subfield></datafield><datafield tag="773" ind1="0" ind2=" "><subfield code="a">Abdul Hamid Collection.</subfield></datafield><datafield tag="880" ind1="1" ind2="0"><subfield code="6">245-03/</subfield><subfield code="a">هفت اورنک,</subfield><subfield code="f">[955ه, 1548م].</subfield></datafield><datafield tag="880" ind1="1" ind2="0"><subfield code="6">240-02/</subfield><subfield code="a">هفت اورنگ</subfield></datafield><datafield tag="880" ind1="0" ind2=" "><subfield code="6">100-01/</subfield><subfield code="a">جامى.</subfield></datafield><datafield tag="CID" ind1=" " ind2=" "><subfield code="a">006814499</subfield></datafield><datafield tag="DAT" ind1="0" ind2=" "><subfield code="a">20190719102638.0</subfield><subfield code="b">20190719000000.0</subfield></datafield><datafield tag="DAT" ind1="1" ind2=" "><subfield code="a">20190719090653.0</subfield><subfield code="b">2019-07-19T16:11:59Z</subfield></datafield><datafield tag="DAT" ind1="2" ind2=" "><subfield code="a">2015-10-02T18:00:03Z</subfield></datafield><datafield tag="CAT" ind1=" " ind2=" "><subfield code="a">SDR-MIU</subfield><subfield code="d">EX LIBRIS - ALEPH</subfield><subfield code="l">prepare.pl-004-008</subfield></datafield><datafield tag="FMT" ind1=" " ind2=" "><subfield code="a">BK</subfield></datafield><datafield tag="HOL" ind1=" " ind2=" "><subfield code="0">sdr-miu006814499</subfield><subfield code="a">MiU</subfield><subfield code="b">SDR</subfield><subfield code="c">MIU</subfield><subfield code="p">mdp.39015079129030</subfield><subfield code="s">MIU</subfield><subfield code="1">006814499</subfield></datafield><datafield tag="974" ind1=" " ind2=" "><subfield code="b">MIU</subfield><subfield code="c">MIU</subfield><subfield code="d">20190719</subfield><subfield code="s">lit-dlps-dc</subfield><subfield code="u">mdp.39015079129030</subfield><subfield code="y">1548</subfield><subfield code="r">pd</subfield><subfield code="q">bib</subfield><subfield code="t">non-US bib date1 &lt; 1879</subfield></datafield></record></collection>